%@article{alvarezhamelin2008,
%   title = {k-core decomposition of Internet graphs: hierarchies, self-similarity and measurement biases},
%   author = {Alvarez-Hamelin,Jose  and Barrat, Alain and Vespignani, Alessandro},
%   journal = {Networks and Heterogeneous Media},
%   year = {2008},
%   pages = {371}
%}

@article{alvarez2005k,
  title={k-core decomposition: A tool for the visualization of large scale networks},
  author={Alvarez-Hamelin, Jos{\'e} Ignacio and Dall'Asta, Luca and Barrat, Alain and Vespignani, Alessandro},
  journal={arXiv preprint cs/0504107},
  year={2005}
}

@article{barbera2014critical,
  title={The Critical Periphery in the Growth of Social Protests.},
  author={Barber{\'a}, P and Wang, N and Bonneau, R and Jost, JT and Nagler, J and Tucker, J and Gonz{\'a}lez-Bail{\'o}n, S},
  journal={PloS one},
  volume={10},
  number={11},
  pages={e0143611--e0143611},
  year={2014}
}

@article{cardona2006taxonomia,
  title={Taxomon{\'i}a de los modelos de topolog{\'i}a de internet},
  author={Cardona, Alberto and Nigro, Norberto and Sonzogni, Victorio and Storti, Mario},
  journal={Mec{\'a}nica Computacional},
  volume={25},
  pages={2597--2612},
  year={2006}
}

@article{dorogovtsev2006k,
  title={K-core organization of complex networks},
  author={Dorogovtsev, Sergey N and Goltsev, Alexander V and Mendes, Jose Ferreira F},
  journal={Physical review letters},
  volume={96},
  number={4},
  pages={040601},
  year={2006},
  publisher={APS}
}

@article{herrero2000terminologia,
  title={La terminolog{\'\i}a del an{\'a}lisis de redes: problemas de definici{\'o}n y de traducci{\'o}n},
  author={Herrero, Reyes},
  journal={Pol{\'\i}tica y sociedad},
  number={33},
  pages={199--206},
  year={2000}
}

@article{kitsak2010identification,
  title={Identification of influential spreaders in complex networks},
  author={Kitsak, Maksim and Gallos, Lazaros K and Havlin, Shlomo and Liljeros, Fredrik and Muchnik, Lev and Stanley, H Eugene and Makse, Hern{\'a}n A},
  journal={Nature Physics},
  volume={6},
  number={11},
  pages={888--893},
  year={2010},
  publisher={Nature Publishing Group}
}


@article{martinez2011aplicacion,
  title={Aplicaci{\'o}n de algoritmos gen{\'e}ticos a la identificaci{\'o}n de la estructura de enlaces en portales web},
  author={Mart{\'\i}nez-Torres, Mar{\'\i}a del Roc{\'\i}o and Palacios-Florencio, Beatriz and Toral-Mar{\'\i}n, Sergio L and Barrero-Garc{\'\i}a, Federico Jos{\'e}},
  journal={Revista espa{\~n}ola de documentaci{\'o}n cient{\'\i}fica},
  volume={34},
  number={2},
  pages={232--252},
  year={2011}
}

@article{montresor2013distributed,
  title={Distributed k-core decomposition},
  author={Montresor, Alberto and De Pellegrini, Francesco and Miorandi, Daniele},
  journal={Parallel and Distributed Systems, IEEE Transactions on},
  volume={24},
  number={2},
  pages={288--300},
  year={2013},
  publisher={IEEE}
}

@article{seidman1983network,
  title={Network structure and minimum degree},
  author={Seidman, Stephen B},
  journal={Social networks},
  volume={5},
  number={3},
  pages={269--287},
  year={1983},
  publisher={Elsevier}
}

@article{zhang2010using,
  title={Using the k-core decomposition to analyze the static structure of large-scale software systems},
  author={Zhang, Haohua and Zhao, Hai and Cai, Wei and Liu, Jie and Zhou, Wanlei},
  journal={The Journal of Supercomputing},
  volume={53},
  number={2},
  pages={352--369},
  year={2010},
  publisher={Springer}
}