%@article{alvarezhamelin2008,
%   title = {k-core decomposition of Internet graphs: hierarchies, self-similarity and measurement biases},
%   author = {Alvarez-Hamelin,Jose  and Barrat, Alain and Vespignani, Alessandro},
%   journal = {Networks and Heterogeneous Media},
%   year = {2008},
%   pages = {371}
%}

@article{almeida2008consistent,
  title={A consistent metric for nestedness analysis in ecological systems: reconciling concept and measurement},
  author={Almeida-Neto, M{\'a}rio and Guimaraes, Paulo and Guimar{\~a}es, Paulo R and Loyola, Rafael D and Ulrich, Werner},
  journal={Oikos},
  volume={117},
  number={8},
  pages={1227--1239},
  year={2008},
  publisher={Wiley Online Library}
}

@article{alvarez2005k,
  title={k-core decomposition: A tool for the visualization of large scale networks},
  author={Alvarez-Hamelin, Jos{\'e} Ignacio and Dall'Asta, Luca and Barrat, Alain and Vespignani, Alessandro},
  journal={arXiv preprint cs/0504107},
  year={2005}
}

@article{barbera2014critical,
  title={The Critical Periphery in the Growth of Social Protests.},
  author={Barber{\'a}, P and Wang, N and Bonneau, R and Jost, JT and Nagler, J and Tucker, J and Gonz{\'a}lez-Bail{\'o}n, S},
  journal={PloS one},
  volume={10},
  number={11},
  pages={e0143611--e0143611},
  year={2014}
}

@article{bascompte2003nested,
  title={The nested assembly of plant--animal mutualistic networks},
  author={Bascompte, Jordi and Jordano, Pedro and Meli{\'a}n, Carlos J and Olesen, Jens M},
  journal={Proceedings of the National Academy of Sciences},
  volume={100},
  number={16},
  pages={9383--9387},
  year={2003},
  publisher={National Acad Sciences}
}

@article{cardona2006taxonomia,
  title={Taxomon{\'i}a de los modelos de topolog{\'i}a de internet},
  author={Cardona, Alberto and Nigro, Norberto and Sonzogni, Victorio and Storti, Mario},
  journal={Mec{\'a}nica Computacional},
  volume={25},
  pages={2597--2612},
  year={2006}
}

@article{chagnon2015characterizing,
  title={Characterizing topology of ecological networks along gradients: The limits of metrics standardization},
  author={Chagnon, P.-L.},
  journal={Ecological Complexity},
  volume={22},
  pages={36--39},
  year={2015},
  publisher={Springer}
}

@article{csardi2006igraph,
  title={The igraph software package for complex network research},
  author={Csardi, Gabor and Nepusz, Tamas},
  journal={InterJournal, Complex Systems},
  volume={1695},
  number={5},
  pages={1--9},
  year={2006}
}


@article{dakos2014critical,
  title={Critical slowing down as early warning for the onset of collapse in mutualistic communities},
  author={Dakos, Vasilis and Bascompte, Jordi},
  journal={Proceedings of the National Academy of Sciences},
  volume={111},
  number={49},
  pages={17546--17551},
  year={2014},
  publisher={National Acad Sciences}
}

@article{dakos2015resilience,
  title={Resilience indicators: prospects and limitations for early warnings of regime shifts},
  author={Dakos, Vasilis and Carpenter, Stephen R and van Nes, Egbert H and Scheffer, Marten},
  journal={Philosophical Transactions of the Royal Society of London B: Biological Sciences},
  volume={370},
  number={1659},
  pages={20130263},
  year={2015},
  publisher={The Royal Society}
}

@article{dominguez2015ranking,
  title={Ranking species in mutualistic networks},
  author={Dom{\'\i}nguez-Garc{\'\i}a, Virginia and Mu{\~n}oz, Miguel A},
  journal={Scientific reports},
  volume={5},
  year={2015},
  publisher={Nature Publishing Group}
}


@article{dorogovtsev2006k,
  title={K-core organization of complex networks},
  author={Dorogovtsev, Sergey N and Goltsev, Alexander V and Mendes, Jose Ferreira F},
  journal={Physical review letters},
  volume={96},
  number={4},
  pages={040601},
  year={2006},
  publisher={APS}
}

@article{dunne2002biodiversity,
  title={Network structure and biodiversity loss in food webs: robustness increases with connectance},
  author={Dunne, Jennifer A.  and Williams, Richard J.  and Martinez, Neo D.},
  journal={Ecology letters},
  volume={5},
  number={4},
  pages={558--567},
  year={2002},
  publisher={Blackwell Science Ltd}
}


@article{feng2014heterogeneity,
  title={Heterogeneity in ecological mutualistic networks dominantly determines community stability},
  author={Feng, Wenfeng and Takemoto, Kazuhiro},
  journal={Scientific reports},
  volume={4},
  year={2014},
  publisher={Nature Publishing Group}
}


@article{fortuna2010nestedness,
  title={Nestedness versus modularity in ecological networks: two sides of the same coin?},
  author={Fortuna, Miguel A and Stouffer, Daniel B and Olesen, Jens M and Jordano, Pedro and Mouillot, David and Krasnov, Boris R and Poulin, Robert and Bascompte, Jordi},
  journal={Journal of Animal Ecology},
  volume={79},
  number={4},
  pages={811--817},
  year={2010},
  publisher={Wiley Online Library}
}


@article{fortuna2014web,
  title={The Web of Life},
  author={Fortuna, Miguel A and Ortega, Raul and Bascompte, Jordi},
  journal={arXiv preprint abs/1403.2575},
  year={2014}
}


@article{herrero2000terminologia,
  title={La terminolog{\'\i}a del an{\'a}lisis de redes: problemas de definici{\'o}n y de traducci{\'o}n},
  author={Herrero, Reyes},
  journal={Pol{\'\i}tica y sociedad},
  number={33},
  pages={199--206},
  year={2000}
}

@article{james2012disentangling,
  title={Disentangling nestedness from models of ecological complexity},
  author={James, Alex and Pitchford, Jonathan W and Plank, Michael J},
  journal={Nature},
  volume={487},
  number={7406},
  pages={227--230},
  year={2012},
  publisher={Nature Publishing Group}
}

@article{kitsak2010identification,
  title={Identification of influential spreaders in complex networks},
  author={Kitsak, Maksim and Gallos, Lazaros K and Havlin, Shlomo and Liljeros, Fredrik and Muchnik, Lev and Stanley, H Eugene and Makse, Hern{\'a}n A},
  journal={Nature Physics},
  volume={6},
  number={11},
  pages={888--893},
  year={2010},
  publisher={Nature Publishing Group}
}

@article{lever2014sudden,
  title={The sudden collapse of pollinator communities},
  author={Lever, J Jelle and Nes, Egbert H and Scheffer, Marten and Bascompte, Jordi},
  journal={Ecology letters},
  volume={17},
  number={3},
  pages={350--359},
  year={2014},
  publisher={Wiley Online Library}
}


@article{martinez2011aplicacion,
  title={Aplicaci{\'o}n de algoritmos gen{\'e}ticos a la identificaci{\'o}n de la estructura de enlaces en portales web},
  author={Mart{\'\i}nez-Torres, Mar{\'\i}a del Roc{\'\i}o and Palacios-Florencio, Beatriz and Toral-Mar{\'\i}n, Sergio L and Barrero-Garc{\'\i}a, Federico Jos{\'e}},
  journal={Revista espa{\~n}ola de documentaci{\'o}n cient{\'\i}fica},
  volume={34},
  number={2},
  pages={232--252},
  year={2011}
}

@article{montresor2013distributed,
  title={Distributed k-core decomposition},
  author={Montresor, Alberto and De Pellegrini, Francesco and Miorandi, Daniele},
  journal={Parallel and Distributed Systems, IEEE Transactions on},
  volume={24},
  number={2},
  pages={288--300},
  year={2013},
  publisher={IEEE}
}

@article{newman2004finding,
  title={Finding and evaluating community structure in networks},
  author={Newman, Mark EJ and Girvan, Michelle},
  journal={Physical review E},
  volume={69},
  number={2},
  pages={026113},
  year={2004},
  publisher={APS}
}

@article{olesen2007modularity,
  title={The modularity of pollination networks},
  author={Olesen, Jens M and Bascompte, Jordi and Dupont, Yoko L and Jordano, Pedro},
  journal={Proceedings of the National Academy of Sciences},
  volume={104},
  number={50},
  pages={19891--19896},
  year={2007},
  publisher={National Acad Sciences}
}

@article{plavvsic1993harary,
  title={On the Harary index for the characterization of chemical graphs},
  author={Plav{\v{s}}i{\'c}, Dejan and Nikoli{\'c}, Sonja and Trinajsti{\'c}, Nenad and Mihali{\'c}, Zlatko},
  journal={Journal of Mathematical Chemistry},
  volume={12},
  number={1},
  pages={235--250},
  year={1993},
  publisher={Springer}
}

@article{Podani2014new,
  title={A new approach to exploring architecture of bipartite ecological networks},
  author={Podani, J. and Jord{\'a}n, F. and Schmera, D.},
  journal={Journal of Complex Networks}
  volume={2},
  pages={168--186},
  year={2014}
}

@article{saavedra2011strong,
  title={Strong contributors to network persistence are the most vulnerable to extinction},
  author={Saavedra, Serguei and Stouffer, Daniel B and Uzzi, Brian and Bascompte, Jordi},
  journal={Nature},
  volume={478},
  number={7368},
  pages={233--235},
  year={2011},
  publisher={Nature Publishing Group}
}

@article{santamaria2015removing,
  title={Removing interactions, rather than species, casts doubt on the high robustness of pollination networks},
  author={Santamar{\'\i}a, Silvia and Galeano, Javier and Pastor, Juan Manuel and M{\'e}ndez, Marcos},
  journal={Oikos},
  year={2015},
  publisher={Blackwell Publishing Ltd}
}

@article{seidman1983network,
  title={Network structure and minimum degree},
  author={Seidman, Stephen B},
  journal={Social networks},
  volume={5},
  number={3},
  pages={269--287},
  year={1983},
  publisher={Elsevier}
}

@article{sole2001fragility,
  title={Complexity and fragility in ecological networks},
  author={Sole, Ricard and Montoya, Jose M.},
  journal={Proc. R. Soc. Lond. B},
  volume={268},
  number={ },
  pages={2039--2045},
  year={2001},
  publisher={ The Royal Society}
}



@article{staniczenko2013ghost,
  title={The ghost of nestedness in ecological networks},
  author={Staniczenko, Phillip PA and Kopp, Jason C and Allesina, Stefano},
  journal={Nature communications},
  volume={4},
  pages={1391},
  year={2013},
  publisher={Nature Publishing Group}
}

@article{strona2015new,
  title={A new measure of ecological network structure based on node overlap and segregation},
  author={Strona, Giovanni and Veech, Joseph A},
  journal={Methods in Ecology and Evolution},
  year={2015},
  publisher={Wiley Online Library}
}

@article{suweis2013emergence,
  title={Emergence of structural and dynamical properties of ecological mutualistic networks},
  author={Suweis, Samir and Simini, Filippo and Banavar, Jayanth R and Maritan, Amos},
  journal={Nature},
  volume={500},
  number={7463},
  pages={449--452},
  year={2013},
  publisher={Nature Publishing Group}
}

@article{thebault2010stability,
  title={Stability of ecological communities and the architecture of mutualistic and trophic networks},
  author={Th{\'e}bault, Elisa and Fontaine, Colin},
  journal={Science},
  volume={329},
  number={5993},
  pages={853--856},
  year={2010},
  publisher={American Association for the Advancement of Science}
}


@article{zhang2010using,
  title={Using the k-core decomposition to analyze the static structure of large-scale software systems},
  author={Zhang, Haohua and Zhao, Hai and Cai, Wei and Liu, Jie and Zhou, Wanlei},
  journal={The Journal of Supercomputing},
  volume={53},
  number={2},
  pages={352--369},
  year={2010},
  publisher={Springer}
}